@online{Security,
  title = {PWA Security: How To Keep Your PWA Safe And Secure},
  author = {Lucas Lagone},
  year = {2023},
  url = {https://reverbico.com/blog/pwa-security/},
  note = {Accessed: January 17th, 2024}
}

